<collection xmlns="http://www.loc.gov/MARC21/slim"><record><leader>00579nam0 2200181   450</leader><controlfield tag="001">438</controlfield><controlfield tag="003">http://montalegre.opacnet.com/OPAC/default.aspx?ContentAreaControl=ShowRegHoldings.ascx&amp;RegNo=16662</controlfield><datafield tag="100" ind1=" " ind2=" "><subfield code="a">d--------k  y0pory0103    ba</subfield></datafield><datafield tag="101" ind1="0" ind2=" "><subfield code="a">por</subfield><subfield code="c">fre</subfield></datafield><datafield tag="102" ind1=" " ind2=" "><subfield code="a">BR</subfield></datafield><datafield tag="200" ind1="1" ind2=" "><subfield code="a">Freirinha</subfield><subfield code="f">M. Delly</subfield><subfield code="g">Jayme Adour da Camara</subfield></datafield><datafield tag="210" ind1=" " ind2=" "><subfield code="a">São Paulo-Brasil</subfield><subfield code="c">Companhia Editora Nacional</subfield></datafield><datafield tag="215" ind1=" " ind2=" "><subfield code="a">249 p.</subfield><subfield code="d">19 cm</subfield></datafield><datafield tag="225" ind1="2" ind2=" "><subfield code="a">&lt;A &gt;nova Biblioteca das Moças</subfield><subfield code="v">25</subfield></datafield><datafield tag="675" ind1=" " ind2=" "><subfield code="a">821</subfield><subfield code="v">bn</subfield><subfield code="z">por</subfield></datafield><datafield tag="700" ind1=" " ind2="1"><subfield code="a">Delly</subfield><subfield code="c">pseud</subfield></datafield><datafield tag="702" ind1=" " ind2="1"><subfield code="a">Camara</subfield><subfield code="b">Jayme Adour da</subfield><subfield code="4">730</subfield></datafield><datafield tag="801" ind1=" " ind2="0"><subfield code="a">PT</subfield><subfield code="b">Biblioteca Municipal de Montalegre</subfield><subfield code="g">RPC</subfield></datafield><datafield tag="909" ind1="&#9;" ind2=" "><subfield code="a">1</subfield></datafield><datafield tag="966" ind1=" " ind2=" "><subfield code="a">0008370</subfield><subfield code="l">BMM</subfield><subfield code="s">SCG 821 DEL fre 25</subfield></datafield></record></collection>